<record><leader>00000cas a22000007a 4500</leader><controlfield tag="001">23605489</controlfield><controlfield tag="008">910425d18671868nhuwr ne      0    0eng d</controlfield><datafield ind1=" " ind2=" " tag="010"><subfield code="a">sn 90062682 </subfield></datafield><datafield ind1=" " ind2=" " tag="040"><subfield code="a">NVH</subfield><subfield code="b">eng</subfield><subfield code="c">NVH</subfield><subfield code="d">NYS</subfield><subfield code="d">OCLCQ</subfield></datafield><datafield ind1=" " ind2=" " tag="042"><subfield code="a">msc</subfield></datafield><datafield ind1="0" ind2=" " tag="130"><subfield code="a">New Hampshire patriot and state gazette (Concord, N.H. : 1867)</subfield></datafield><datafield ind1="1" ind2="0" tag="245"><subfield code="a">New Hampshire patriot and state gazette.</subfield></datafield><datafield ind1=" " ind2=" " tag="260"><subfield code="a">Concord, N.H. :</subfield><subfield code="b">William Butterfield</subfield></datafield><datafield ind1=" " ind2=" " tag="300"><subfield code="a">v.</subfield></datafield><datafield ind1=" " ind2=" " tag="310"><subfield code="a">Weekly</subfield></datafield><datafield ind1="0" ind2=" " tag="362"><subfield code="a">New ser., vol. 21, no. 1067 (Oct. 30, 1867)-new ser., v. 21, no. 1093 (Apr. 29, 1868).</subfield></datafield><datafield ind1=" " ind2=" " tag="752"><subfield code="a">United States</subfield><subfield code="b">New Hampshire</subfield><subfield code="c">Merrimack</subfield><subfield code="d">Concord.</subfield></datafield><datafield ind1="0" ind2="0" tag="780"><subfield code="t">New Hampshire patriot and gazette</subfield><subfield code="w">(DLC)sn 84020380</subfield></datafield><datafield ind1="0" ind2="0" tag="785"><subfield code="t">New-Hampshire patriot (Concord, N.H. : 1868)</subfield><subfield code="w">(DLC)sn 84026668</subfield></datafield></record>